<?xml version="1.0" encoding="UTF-8"?><record xmlns="http://www.loc.gov/MARC21/slim" xmlns:cinclude="http://apache.org/cocoon/include/1.0" xmlns:zs="http://www.loc.gov/zing/srw/">
  <leader>00429nz  a2200145n  4500</leader>
  <controlfield tag="001">no2009174591</controlfield>
  <controlfield tag="003">DLC</controlfield>
  <controlfield tag="005">20091101075310.0</controlfield>
  <controlfield tag="008">091030n| acannaabn          |a aaa     c</controlfield>
  <datafield tag="010" ind1=" " ind2=" ">
    <subfield code="a">no2009174591</subfield>
  </datafield>
  <datafield tag="035" ind1=" " ind2=" ">
    <subfield code="a">(OCoLC)oca08290325</subfield>
  </datafield>
  <datafield tag="040" ind1=" " ind2=" ">
    <subfield code="a">UkCU</subfield>
    <subfield code="b">eng</subfield>
    <subfield code="c">UkCU</subfield>
  </datafield>
  <datafield tag="100" ind1="1" ind2=" ">
    <subfield code="a">Rodriguez Ramos, Heidy</subfield>
  </datafield>
  <datafield tag="400" ind1="1" ind2=" ">
    <subfield code="a">Ramos, Heidy Rodriguez</subfield>
  </datafield>
  <datafield tag="670" ind1=" " ind2=" ">
    <subfield code="a">Ibero-AmeĚrica, 2006:</subfield>
    <subfield code="b">t.p. (Heidy Rodriguez Ramos, Universidade de SaĚo Paulo, Brazil)</subfield>
  </datafield>
</record>